<?xml version="1.0" encoding="UTF-8"?><collection xmlns="http://www.loc.gov/MARC21/slim"><record><leader>00599nam--2200181-i-4500</leader><controlfield tag="001">000011877</controlfield><controlfield tag="002">20161230</controlfield><controlfield tag="005">20161230201029</controlfield><controlfield tag="008">060222s1000------------r-----000-0-fre-d</controlfield><datafield ind1=" " ind2=" " tag="040"><subfield code="a">IFIN-HH</subfield></datafield><datafield ind1=" " ind2=" " tag="041"><subfield code="a">fre</subfield></datafield><datafield ind1=" " ind2=" " tag="080"><subfield code="a">521.933:551.511(043)</subfield></datafield><datafield ind1="1" ind2=" " tag="100"><subfield code="a">Cazenave, Anny</subfield></datafield><datafield ind1="1" ind2="0" tag="245"><subfield code="a">Interactions entre les irregularites de la vitesse de rotation de la terre et les phenomenes meteorologiques et climatiques</subfield><subfield code="b">These</subfield><subfield code="c">Anny cazenave</subfield></datafield><datafield ind1=" " ind2=" " tag="260"><subfield code="a">Toulouse</subfield><subfield code="b">La Faculte De Sciences De L Universite Paul Sabatier</subfield><subfield code="c">1975</subfield></datafield><datafield ind1=" " ind2=" " tag="300"><subfield code="a">248 P</subfield></datafield><datafield ind1=" " ind2=" " tag="852"><subfield code="a">43985</subfield><subfield code="c">521/522</subfield></datafield><datafield ind1=" " ind2=" " tag="CAT"><subfield code="a">Sys</subfield><subfield code="c">20130826</subfield><subfield code="h">160635</subfield></datafield></record></collection>